<record><leader>00000cas a2200000 a 4500</leader><controlfield tag="001">38160217</controlfield><controlfield tag="008">980106d18761882vtuwr ne      0    0eng c</controlfield><datafield ind1=" " ind2=" " tag="010"><subfield code="a">sn 98060000 </subfield></datafield><datafield ind1=" " ind2=" " tag="040"><subfield code="a">NVN</subfield><subfield code="b">eng</subfield><subfield code="c">NVN</subfield><subfield code="d">OCLCQ</subfield><subfield code="d">DLC</subfield><subfield code="d">OCLCA</subfield><subfield code="d">OCLCF</subfield></datafield><datafield ind1="1" ind2=" " tag="029"><subfield code="a">AU@</subfield><subfield code="b">000013709340</subfield></datafield><datafield ind1=" " ind2=" " tag="042"><subfield code="a">pcc</subfield></datafield><datafield ind1=" " ind2=" " tag="043"><subfield code="a">n-us-vt</subfield></datafield><datafield ind1="0" ind2=" " tag="130"><subfield code="a">Addison County journal (Middlebury, Vt. : 1876)</subfield></datafield><datafield ind1="1" ind2="0" tag="245"><subfield code="a">Addison County journal.</subfield></datafield><datafield ind1=" " ind2=" " tag="260"><subfield code="a">Middlebury, Vt. :</subfield><subfield code="b">Journal Print. Co.,</subfield><subfield code="c">1876-</subfield></datafield><datafield ind1=" " ind2=" " tag="300"><subfield code="a">v.</subfield></datafield><datafield ind1=" " ind2=" " tag="310"><subfield code="a">Weekly</subfield></datafield><datafield ind1="0" ind2=" " tag="362"><subfield code="a">Vol. 1, no. 1 (Apr. 22, 1876)-</subfield></datafield><datafield ind1="1" ind2=" " tag="362"><subfield code="a">Ceased in Dec. 1882.</subfield></datafield><datafield ind1=" " ind2=" " tag="500"><subfield code="a">"An independent family newspaper" appears within the masthead.</subfield></datafield><datafield ind1=" " ind2=" " tag="580"><subfield code="a">Merged with: Middlebury register (Middlebury, Vt. : 1850) to form: Middlebury register and Addison County journal (Middlebury, Vt. : 1883).</subfield></datafield><datafield ind1=" " ind2="0" tag="651"><subfield code="a">Middlebury (Vt.)</subfield><subfield code="v">Newspapers.</subfield></datafield><datafield ind1=" " ind2="0" tag="651"><subfield code="a">Addison County (Vt.)</subfield><subfield code="v">Newspapers.</subfield></datafield><datafield ind1=" " ind2="0" tag="651"><subfield code="a">Vermont</subfield><subfield code="v">Newspapers.</subfield></datafield><datafield ind1=" " ind2="7" tag="655"><subfield code="a">Newspapers.</subfield><subfield code="2">fast</subfield><subfield code="0">(OCoLC)fst01423814</subfield></datafield><datafield ind1=" " ind2="7" tag="651"><subfield code="a">Vermont.</subfield><subfield code="2">fast</subfield><subfield code="0">(OCoLC)fst01204305</subfield></datafield><datafield ind1=" " ind2="7" tag="651"><subfield code="a">Vermont</subfield><subfield code="z">Addison County.</subfield><subfield code="2">fast</subfield><subfield code="0">(OCoLC)fst01213033</subfield></datafield><datafield ind1=" " ind2="7" tag="651"><subfield code="a">Vermont</subfield><subfield code="z">Middlebury.</subfield><subfield code="2">fast</subfield><subfield code="0">(OCoLC)fst01202765</subfield></datafield><datafield ind1=" " ind2=" " tag="752"><subfield code="a">United States</subfield><subfield code="b">Vermont</subfield><subfield code="c">Addison</subfield><subfield code="d">Middlebury.</subfield></datafield><datafield ind1="1" ind2="7" tag="785"><subfield code="t">Middlebury register (Middlebury, Vt. : 1850)</subfield><subfield code="x">2328-1170</subfield><subfield code="w">(DLC)sn 83025667</subfield><subfield code="w">(OCoLC)9735833</subfield></datafield><datafield ind1="1" ind2="7" tag="785"><subfield code="t">Middlebury register and Addison County journal (Middlebury, Vt. : 1883)</subfield><subfield code="x">2328-1197</subfield><subfield code="w">(DLC)sn 98060001</subfield><subfield code="w">(OCoLC)38185959</subfield></datafield></record>